%%%%%%%%%%
@article{doi:10.1080/01621459.2017.1319839,
author = {Stefan Wager and Susan Athey},
title = {Estimation and Inference of Heterogeneous Treatment Effects using Random Forests},
journal = {Journal of the American Statistical Association},
volume = {113},
number = {523},
pages = {1228-1242},
year  = {2018},
publisher = {Taylor & Francis},
doi = {10.1080/01621459.2017.1319839},

URL = { 
        https://doi.org/10.1080/01621459.2017.1319839
    
},
eprint = { 
        https://doi.org/10.1080/01621459.2017.1319839
    
}

}

%%%%%%%%%%
@inproceedings{Denil2014a,
    author = "Denil, Misha and Matheson, David and de Freitas, Nando",
    title = "Narrowing the Gap: Random Forests In Theory and In Practice",
    year = "2014",
    booktitle = "International Conference on Machine Learning",
    poster = "2014-rf-theory-practice-icml-poster.pdf",
    arxiv = "http://arxiv.org/abs/1310.1415",
    pdf = "http://jmlr.org/proceedings/papers/v32/denil14.html",
    project = "random-forests"
}
%%%%%%%%%%
@article{SCORNET201672,
title = {On the asymptotics of random forests},
journal = {Journal of Multivariate Analysis},
year = {2016},
issn = {0047-259X},
doi = {https://doi.org/10.1016/j.jmva.2015.06.009},
url = {https://www.sciencedirect.com/science/article/pii/S0047259X15001542},
author = {Erwan Scornet}
}

%%%%%%%%%%
@article{cd415527a3b345c2be98d5cc015ed62d,
title = "The effect of splitting on random forests",
author = "Hemant Ishwaran",
year = "2015",
month = apr,
doi = "10.1007/s10994-014-5451-2",
language = "English (US)",
volume = "99",
pages = "75--118",
journal = "Machine Learning",
issn = "0885-6125",
publisher = "Springer Netherlands",
number = "1",

}

%%%%%%%%%%
@inproceedings{NEURIPS2020_85fc37b1,
 author = {Klusowski, Jason},
 booktitle = {Advances in Neural Information Processing Systems},
 pages = {11612--11622},
 title = {Sparse Learning with CART},
 url = {https://proceedings.neurips.cc/paper/2020/file/85fc37b18c57097425b52fc7afbb6969-Paper.pdf},
 year = {2020}
}

%%%%%%%%%%
@ARTICLE{2019arXiv190610086K,
       author = {{Klusowski}, Jason},
        title = "{Analyzing CART}",
      journal = {arXiv e-prints},
     keywords = {Statistics - Machine Learning, Computer Science - Machine Learning},
         year = 2019,
        month = jun,
          eid = {arXiv:1906.10086},
        pages = {arXiv:1906.10086},
archivePrefix = {arXiv},
       eprint = {1906.10086},
 primaryClass = {stat.ML},
       adsurl = {https://ui.adsabs.harvard.edu/abs/2019arXiv190610086K},
      adsnote = {Provided by the SAO/NASA Astrophysics Data System}
}
%%%%%%%%%%

@ARTICLE{Cutler01pert-,
    author = {Adele Cutler and Guohua Zhao},
    title = {PERT - perfect random tree ensembles},
    journal = {Computing Science and Statistics},
    year = {2001},
    pages = {497}
}
%%%%%%%%%%

@article{10.1214/aos/1176343886,
author = {Charles J. Stone},
title = {{Consistent Nonparametric Regression}},
volume = {5},
journal = {The Annals of Statistics},
number = {4},
publisher = {Institute of Mathematical Statistics},
pages = {595 -- 620},
keywords = {approximate Bayes rules, conditional quantities, consistency in Bayes risk, multiple classification, nearest neighbor rules, nonparametric estimators, prediction, regression function},
year = {1977},
doi = {10.1214/aos/1176343886},
URL = {https://doi.org/10.1214/aos/1176343886}
}
%%%%%%%%%%

@TECHREPORT{Breiman04consistencyfor,
    author = {Leo Breiman},
    title = {Consistency for a simple model of random forests},
    year = {2004}
}
%%%%%%%%%%

@article{Scornet_2015,
   title={Consistency of random forests},
   volume={43},
   ISSN={0090-5364},
   url={http://dx.doi.org/10.1214/15-AOS1321},
   DOI={10.1214/15-aos1321},
   number={4},
   journal={The Annals of Statistics},
   publisher={Institute of Mathematical Statistics},
   author={Scornet, Erwan and Biau, GÃ©rard and Vert, Jean-Philippe},
   year={2015},
   month={Aug}
}
%%%%%%%%%%

@article{JMLR:v13:biau12a,
  author  = {G{{\'e}}rard Biau},
  title   = {Analysis of a Random Forests Model},
  journal = {Journal of Machine Learning Research},
  year    = {2012},
  volume  = {13},
  number  = {38},
  pages   = {1063-1095},
  url     = {http://jmlr.org/papers/v13/biau12a.html}
}
%%%%%%%%%%

@Article{RePEc:bes:jnlasa:v:101:y:2006:p:578-590,
  author={Lin, Yi and Jeon, Yongho},
  title={{Random Forests and Adaptive Nearest Neighbors}},
  journal={Journal of the American Statistical Association},
  year=2006,
  volume={101},
  number={},
  pages={578-590},
  month={June},
  keywords={},
  doi={},
  abstract={No abstract is available for this item.},
  url={https://ideas.repec.org/a/bes/jnlasa/v101y2006p578-590.html}
}

%%%%%%%%%%

@book{breiman1984classification,
  title={Classification and Regression Trees},
  author={Breiman, L. and Friedman, J. and Stone, C.J. and Olshen, R.A.},
  isbn={9780412048418},
  lccn={83019708},
  url={https://books.google.de/books?id=JwQx-WOmSyQC},
  year={1984},
  publisher={Taylor \& Francis}
}
%%%%%%%%%%

@article{breiman2001random,
  added-at = {2015-04-15T08:57:31.000+0200},
  author = {Breiman, Leo},
  description = {Random Forests - Springer},
  doi = {10.1023/A:1010933404324},
  journal = {Machine Learning},
  number = 1,
  pages = {5-32},
  publisher = {Kluwer Academic Publishers},
  timestamp = {2015-04-24T14:37:24.000+0200},
  title = {Random Forests},
  url = {http://dx.doi.org/10.1023/A%3A1010933404324},
  volume = 45,
  year = 2001
}
%%%%%%%%%%

@article{li2019debiased,
      title={A Debiased MDI Feature Importance Measure for Random Forests}, 
      author={Xiao Li and Yu Wang and Sumanta Basu and Karl Kumbier and Bin Yu},
      year={2019},
      eprint={1906.10845},
      archivePrefix={arXiv},
      primaryClass={stat.ML}
}

%%%%%%%%%%

@inproceedings{NIPS2013_e3796ae8,
 author = {Louppe, Gilles and Wehenkel, Louis and Sutera, Antonio and Geurts, Pierre},
 booktitle = {Advances in Neural Information Processing Systems},
 title = {Understanding Variable Importances in Forests of Randomized Trees},
 url = {https://proceedings.neurips.cc/paper/2013/file/e3796ae838835da0b6f6ea37bcf8bcb7-Paper.pdf},
 year = {2013}
}
%%%%%%%%%%